<record><leader>00000cas a2200000 a 4500</leader><controlfield tag="001">27733184</controlfield><controlfield tag="008">930315d19261943cauwr ne      0    0eng c</controlfield><datafield ind1=" " ind2=" " tag="010"><subfield code="a">sn 93053049 </subfield></datafield><datafield ind1=" " ind2=" " tag="040"><subfield code="a">CUY</subfield><subfield code="b">eng</subfield><subfield code="c">CNK</subfield><subfield code="d">OCLCQ</subfield><subfield code="d">CNK</subfield><subfield code="d">OCLCQ</subfield><subfield code="d">OCLCF</subfield><subfield code="d">OCLCO</subfield></datafield><datafield ind1="1" ind2=" " tag="029"><subfield code="a">AU@</subfield><subfield code="b">000020724621</subfield></datafield><datafield ind1=" " ind2=" " tag="042"><subfield code="a">pcc</subfield></datafield><datafield ind1=" " ind2=" " tag="043"><subfield code="a">n-us-ca</subfield></datafield><datafield ind1="0" ind2="0" tag="245"><subfield code="a">Placerville Republican.</subfield></datafield><datafield ind1="1" ind2="3" tag="246"><subfield code="a">Placerville Republican and El Dorado Republican</subfield></datafield><datafield ind1=" " ind2=" " tag="260"><subfield code="a">Placerville, El Dorado County, Calif. :</subfield><subfield code="b">El Dorado Pub. Co.</subfield></datafield><datafield ind1=" " ind2=" " tag="300"><subfield code="a">v.</subfield></datafield><datafield ind1=" " ind2=" " tag="310"><subfield code="a">Weekly,</subfield><subfield code="b">Feb. 8, 1942-Feb. 9, 1943</subfield></datafield><datafield ind1=" " ind2=" " tag="321"><subfield code="a">Daily,</subfield><subfield code="b">Feb. 15, 1926-Jan. 30, 1942</subfield></datafield><datafield ind1="0" ind2=" " tag="362"><subfield code="a">Vol. 56, no. 36 (Feb. 15, 1926)-v. 53, no. 6 (Feb. 9, 1943).</subfield></datafield><datafield ind1=" " ind2=" " tag="515"><subfield code="a">Vol. numbering changed from 66 to 46 with issue for Jan. 14, 1936.</subfield></datafield><datafield ind1=" " ind2=" " tag="530"><subfield code="a">Master negatives are available for duplication from:</subfield><subfield code="b">California Newspaper Microfilm Archive;</subfield><subfield code="c">for further information consult the CNMA at:</subfield><subfield code="u">http://cbsr.ucr.edu</subfield></datafield><datafield ind1=" " ind2="0" tag="651"><subfield code="a">El Dorado County (Calif.)</subfield><subfield code="v">Newspapers.</subfield></datafield><datafield ind1=" " ind2="7" tag="655"><subfield code="a">Newspapers.</subfield><subfield code="2">fast</subfield><subfield code="0">(OCoLC)fst01423814</subfield></datafield><datafield ind1=" " ind2="7" tag="651"><subfield code="a">California</subfield><subfield code="z">El Dorado County.</subfield><subfield code="2">fast</subfield><subfield code="0">(OCoLC)fst01214431</subfield></datafield><datafield ind1=" " ind2=" " tag="752"><subfield code="a">United States</subfield><subfield code="b">California</subfield><subfield code="c">El Dorado</subfield><subfield code="d">Placerville.</subfield></datafield><datafield ind1="0" ind2="0" tag="780"><subfield code="t">Placerville Republican and El Dorado Republican</subfield><subfield code="w">(DLC)sn 93053048</subfield></datafield><datafield ind1="0" ind2="7" tag="785"><subfield code="t">Mountain Democrat (Placerville, Calif. : 1863)</subfield><subfield code="w">(DLC)sn 82014487</subfield></datafield><datafield ind1="0" ind2="7" tag="785"><subfield code="t">Mountain Democrat and Placerville Republican</subfield><subfield code="w">(DLC)sn 92069025</subfield></datafield></record>